
@book{meng2010,
  author    = {孟道骥 and 陈良云 and 史毅茜 and 白瑞蒲},
  title     = {抽象代数Ⅰ——代数学基础},
  publisher = {科学出版社},
  year      = {2010},
  edition   = {第一版},
  address   = {北京},
  isbn      = {978-7-03-026302-5}
}

@book{Fraleigh2002,
  author = {John B. Fraleigh},
  title = {A First Course in Abstract Algebra},
  publisher = {Pearson Education Limited},
  year = {2002},
  edition = {Seventh Edition},
  isbn = {978-1-292-02496-7}
}
